<collection xmlns="http://www.loc.gov/MARC21/slim">
<record>
  <leader>01237nam0a22002291i 450 </leader>
  <controlfield tag="001">IT\ICCU\CNCE\044979</controlfield>
  <controlfield tag="005">19990120000000.0</controlfield>
  <datafield tag="012" ind1=" " ind2=" ">
    <subfield code="a">l-da a-82 iore enbr (3) 1588 (R)</subfield>
    <subfield code="2">fei</subfield>
  </datafield>
  <datafield tag="100" ind1=" " ind2=" ">
    <subfield code="a">19990120d1588        0itac0103    ba</subfield>
  </datafield>
  <datafield tag="101" ind1=" " ind2=" ">
    <subfield code="a">ITA</subfield>
  </datafield>
  <datafield tag="102" ind1=" " ind2=" ">
    <subfield code="a">IT</subfield>
  </datafield>
  <datafield tag="200" ind1="1" ind2=" ">
    <subfield code="a">Historia di Heliodoro delle cose ethiopiche, nella quale fra diuersi, e compassioneuoli auenimenti di due amanti, si contengono abbattimenti, descrittioni di paesi, e molte altre cose utili e diletteuoli a leggere. Tradotta dalla lingua greca nella thoscana da messer Leonardo Glinci \!!</subfield>
  </datafield>
  <datafield tag="205" ind1=" " ind2=" ">
    <subfield code="a">Di nouoricorretta, &amp; ristampata</subfield>
  </datafield>
  <datafield tag="210" ind1=" " ind2=" ">
    <subfield code="a">In Venetia</subfield>
    <subfield code="c">appresso i Gioliti</subfield>
    <subfield code="d">1588</subfield>
    <subfield code="e">In Venetia</subfield>
    <subfield code="g">appresso i Gioliti</subfield>
    <subfield code="h">1586</subfield>
  </datafield>
  <datafield tag="215" ind1=" " ind2=" ">
    <subfield code="a">\16!, 399, \1! p.</subfield>
    <subfield code="d"></subfield>
  </datafield>
  <datafield tag="300" ind1=" " ind2=" ">
    <subfield code="a"></subfield>
  </datafield>
  <datafield tag="700" ind1=" " ind2="0">
    <subfield code="a">Heliodorus</subfield>
    <subfield code="c"> : Emesenus</subfield>
    <subfield code="3">IT\ICCU\CNCA\006459</subfield>
  </datafield>
  <datafield tag="702" ind1=" " ind2="1">
    <subfield code="a">Ghini,</subfield>
    <subfield code="b">Leonardo</subfield>
    <subfield code="3">IT\ICCU\CNCA\006006</subfield>
  </datafield>
  <datafield tag="790" ind1=" " ind2="0">
    <subfield code="a">Eliodoro</subfield>
    <subfield code="c"> : di#Emesa</subfield>
    <subfield code="3">IT\ICCU\CNCA\014333</subfield>
    <subfield code="z">Heliodorus : Emesenus</subfield>
  </datafield>
  <datafield tag="790" ind1=" " ind2="1">
    <subfield code="a">Glinci,</subfield>
    <subfield code="b">Leonardo</subfield>
    <subfield code="3">IT\ICCU\CNCA\019495</subfield>
    <subfield code="z">Ghini, Leonardo</subfield>
  </datafield>
  <datafield tag="801" ind1=" " ind2="3">
    <subfield code="a">IT</subfield>
    <subfield code="b">ICCU</subfield>
    <subfield code="c">20201114</subfield>
  </datafield>
  <datafield tag="899" ind1=" " ind2=" ">
    <subfield code="a">Biblioteca nazionale centrale. Roma</subfield>
    <subfield code="1">RM0267</subfield>
    <subfield code="2">BVE CR</subfield>
  </datafield>
</record>
</collection>
